@ARTICLE{2012ApJ...759...52D,
   author = {{Dominik}, M. and {Belczynski}, K. and {Fryer}, C. and {Holz}, D.~E. and 
	{Berti}, E. and {Bulik}, T. and {Mandel}, I. and {O'Shaughnessy}, R.
	},
    title = "{Double Compact Objects. I. The Significance of the Common Envelope on Merger Rates}",
  journal = {\apj},
archivePrefix = "arXiv",
   eprint = {1202.4901},
 primaryClass = "astro-ph.HE",
 keywords = {binaries: general, black hole physics, stars: evolution, stars: neutron},
     year = 2012,
    month = nov,
   volume = 759,
      eid = {52},
    pages = {52},
      doi = {10.1088/0004-637X/759/1/52},
   adsurl = {http://adsabs.harvard.edu/abs/2012ApJ...759...52D},
  adsnote = {Provided by the SAO/NASA Astrophysics Data System}
}